2553 3926
495 521 559 544 VIII
1246 522 1478 546 EINLEITUNG.

542 622 600 656 De
652 633 725 666 quo
773 619 883 655 etiarn
930 620 1009 663 et¹)
1055 621 1179 656 David
1217 620 1318 656 dicit:

494 693 742 730 Eructavit
801 705 881 728 cor
931 705 1076 728 meum
1127 694 1318 728 verbum

495 768 671 802 bonum.
719 766 909 812 Idemque:
949 766 1171 801 Dominus
1211 766 1318 801 dixit

495 840 551 874 ad
586 852 668 874 me:
696 839 825 874 filius
861 851 987 874 meus
1019 851 1067 874 es
1098 847 1158 881 tu,
1188 842 1316 886 ego2)

494 912 637 948 hodie
677 912 817 959 genui
849 920 902 947 te.
937 913 1128 958 Idemque:
1156 911 1317 948 Omnia

494 986 536 1021 in
575 985 818 1032 sapientia
856 984 1005 1020 fecisti.
1044 985 1091 1020 Et
1125 984 1316 1020 Salomon:

495 1059 724 1095 Dominus
783 1058 1005 1104 possedit
1064 1070 1130 1093 me
1182 1057 1316 1093 initio

495 1132 671 1167 viarum
695 1143 887 1166 suarum.
911 1130 976 1166 Set
999 1131 1169 1177 quoniam
1183 1143 1255 1166 non
1270 1131 1317 1165 de

494 1216 622 1242 eterna
645 1204 773 1240 Christi
795 1204 999 1245 nativitate,
1023 1204 1057 1238 in
1080 1216 1152 1250 qua
1174 1215 1319 1249 semper

494 1279 558 1315 fuit
603 1279 697 1325 patri
736 1278 889 1325 equalis,
930 1285 986 1313 set
1024 1278 1071 1312 de
1111 1276 1317 1323 temporali,
1365 1261 1366 1274 i

494 1353 526 1388 in
562 1365 648 1399 qua,
682 1351 773 1387 sicut
798 1350 921 1386 David
947 1351 1093 1391 clamat,
1121 1350 1319 1385 minoratus

495 1435 551 1462 est
576 1426 687 1472 paulo
715 1425 829 1460 minus
856 1425 904 1459 ab
927 1423 1081 1470 angelis,
1105 1435 1187 1458 cum
1201 1423 1318 1468 judeo

495 1499 601 1535 nobis
637 1511 757 1534 sermo
793 1505 863 1539 est,
891 1496 1082 1532 audiamus
1109 1495 1195 1542 quid
1223 1495 1320 1530 dicat

496 1582 533 1608 et
556 1571 754 1619 objectioni
777 1571 853 1618 ejus
876 1576 1146 1615 consequenter
1163 1581 1319 1615 respon-

497 1647 660 1681 deamus.
687 1644 802 1685 Dicis,
827 1644 959 1690 Judee:
984 1642 1124 1687 Quare
1147 1649 1319 1677 contra-

497 1718 617 1754 dicis
664 1718 809 1764 justo‚
862 1715 1111 1762 insipiens?
1163 1714 1318 1749 Primum

500 1793 622 1833 velim,
670 1791 752 1826 mihi
791 1790 1038 1836 respondeas:
1075 1788 1194 1833 Quem
1230 1788 1318 1823 dicis

493 1866 643 1912 justum,
692 1872 729 1899 te
772 1871 834 1898 aut
871 1863 1114 1909 prophetam?
1155 1861 1192 1896 Si
1230 1873 1319 1907 pro-

497 1940 645 1985 phetam
684 1936 873 1976 assentior,
909 1944 1030 1971 tamen
1065 1935 1098 1970 in
1133 1948 1191 1976 eo,
1219 1935 1319 1981 quod

498 2012 543 2046 illi
587 2023 645 2046 me
688 2022 760 2044 non
800 2009 1056 2044 contradicere
1108 2009 1317 2048 ostendam,

497 2094 533 2120 te
589 2084 778 2120 mentitum
833 2095 916 2119 esse
967 2083 1047 2129 jure
1095 2081 1319 2117 convincam.

500 2158 537 2193 Si
572 2170 662 2193 vero
689 2165 725 2192 te
753 2156 841 2191 dicis
863 2156 1013 2203 justum,
1043 2167 1150 2201 quem
1177 2161 1322 2190 constat

497 2231 594 2278 prius
625 2242 707 2265 esse
734 2229 935 2269 mentitum,
964 2227 1090 2263 nescio
1113 2240 1186 2274 quo
1208 2235 1320 2273 pacto

500 2303 681 2339 obtinebis

740 2302 928 2350 justitiam,
981 2313 1091 2348 quem
1141 2299 1320 2336 mendacii

499 2377 625 2424 polluit
659 2376 811 2411 macula.
839 2376 970 2421 Neque
996 2375 1090 2421 legis
1116 2382 1202 2409 tuae
1229 2385 1323 2408 con-

501 2457 674 2497 gruenter
700 2448 802 2483 simul
828 2448 966 2494 poteris
993 2460 1076 2483 esse
1103 2454 1265 2482 assertor
1287 2454 1324 2481 et
1369 2452 1371 2457 ‘

500 2522 753 2569 prevaricator
787 2521 956 2556 dicentis:
984 2521 1082 2555 Non
1110 2519 1324 2566 loqueris

503 2603 669 2630 contra
703 2594 959 2640 proximum
996 2602 1119 2628 tuum
1158 2592 1325 2627 falsum

502 2667 836 2703 testimonium.
872 2667 983 2711 Quod
1015 2666 1058 2708 si,
1086 2666 1137 2700 uti
1162 2665 1323 2712 premisi,

502 2742 707 2787 prophetae
741 2753 813 2775 non
847 2739 1110 2780 contradicam,
1139 2752 1220 2774 curn
1247 2739 1325 2785 ipse
1372 2742 1373 2746 ’

504 2826 570 2860 pro
594 2827 651 2848 me
674 2814 785 2855 dicat,
810 2821 846 2849 et
869 2825 965 2859 quae
988 2821 1025 2847 tu
1048 2812 1111 2847 tibi
1127 2819 1253 2847 contra
1268 2824 1326 2847 me

502 2887 774 2932 comparaveris
797 2899 912 2927 arma,
929 2886 980 2921 his
995 2886 1058 2920 tibi
1072 2886 1219 2921 laetalia
1236 2884 1328 2920 infli-
1374 2902 1375 2905 ¹

505 2972 591 3005 gam
615 2960 775 3000 vulnera;
799 2960 970 3006 quoniam
992 2959 1137 2994 intulisti
1154 2958 1326 3005 proximo

504 3039 567 3066 tuo
590 3031 720 3066 falsum
734 3032 976 3067 testimonium
991 3040 1120 3067 contra
1132 3032 1227 3078 legis
1242 3044 1328 3078 pre-

505 3112 665 3150 ceptum,
701 3105 793 3151 legis
823 3105 983 3140 incurres
1010 3114 1160 3141 reatuin.
1187 3107 1328 3140 Reatus

547 3240 565 3265 'u
588 3239 732 3265 Dederich
755 3240 803 3265 hat
825 3240 921 3266 dieses
943 3240 1029 3266 wort
1050 3241 1248 3274 ausgelassen.

545 3290 565 3315 ’ἢ
592 3291 656 3316 Von
675 3291 786 3317 diesem
806 3292 864 3317 und
885 3292 941 3317 den
960 3292 1021 3318 drei
1035 3293 1191 3325 folgenden
1205 3292 1329 3318 XVorten

509 3343 557 3368 hat
578 3343 623 3369 die
648 3343 839 3369 Handscnrift
860 3352 913 3369 nur
934 3344 979 3370 die
1002 3345 1328 3377 Antangsbuchstaben.
1376 3371 1377 3379 ἵ

1465 622 1524 656 De
1576 634 1649 668 quo
1701 622 1836 657 aetiam
1883 627 1920 655 et
1967 619 2091 655 David
2138 619 2240 654 dicit:

1417 694 1700 729 Eructuavit
1739 706 1820 729 cor
1863 706 2007 729 meum
2046 693 2242 727 verbum

1417 769 1592 802 bonurn.
1631 767 1818 812 Idemque:
1857 765 2082 801 Dominus
2121 764 2241 800 dixit

1417 841 1473 875 ad
1513 852 1596 875 me:
1636 839 1766 874 filius
1805 851 1931 874 meus
1970 851 2018 874 es
2054 847 2114 880 tu,
2151 850 2241 883 ego

1416 913 1556 948 hodie
1608 911 1737 958 genui
1778 920 1828 947 te.
1867 912 2056 958 Idemque:
2093 910 2243 946 Omnia

1417 986 1454 1020 in
1493 985 1736 1032 sapientia
1770 984 1942 1020 fecisti.
1977 985 2023 1019 Et
2049 984 2242 1019 Salomon:

1417 1058 1643 1093 Dominus
1702 1057 1926 1104 possedit
1981 1069 2047 1092 me
2102 1057 2241 1092 initio

1416 1131 1592 1166 viarum
1616 1143 1809 1166 suarum.
1830 1130 1908 1166 Sed
1923 1130 2093 1177 quoniam
2109 1143 2180 1165 non
2195 1130 2242 1165 de

1415 1212 1566 1240 aeterna
1581 1203 1711 1239 Christi
1725 1203 1913 1239 nativitate
1922 1201 1955 1248 3)‚
1971 1203 2004 1237 in
2015 1215 2086 1250 qua
2097 1215 2243 1250 semper

1415 1278 1480 1313 fuit
1517 1277 1611 1324 patri
1644 1277 1822 1323 aequalis,
1858 1277 1927 1312 sed
1961 1277 2008 1312 de
2035 1276 2242 1323 temporali,

1416 1351 1449 1386 in
1484 1363 1569 1397 qua,
1598 1350 1690 1386 sicut
1717 1350 1839 1385 David
1867 1351 2014 1391 clamat,
2042 1349 2242 1384 minoratus

1417 1432 1473 1460 est
1494 1424 1605 1470 paulo
1628 1423 1742 1458 minus
1766 1424 1814 1458 ab
1837 1422 1991 1469 angelis,
2008 1434 2091 1457 cum
2100 1423 2242 1469 Judaeo

1416 1498 1521 1533 nobis
1556 1510 1677 1533 sermo
1712 1505 1783 1538 est,
1812 1497 2002 1532 audiamus
2033 1497 2119 1543 quid
2145 1496 2244 1531 dicat

1416 1579 1453 1607 et
1475 1570 1673 1618 objectioni
1696 1570 1773 1617 ejus
1795 1578 2065 1616 consequenter
2086 1581 2244 1615 respon-

1416 1646 1579 1680 deamus.
1598 1644 1714 1685 Dicis,
1730 1645 1887 1690 Judaee:
1912 1644 2052 1689 Quare
2075 1650 2244 1679 contra-

2085 1716 2243 1751 Primum

1416 1718 1536 1754 dicis
1583 1718 1729 1764 justo,
1782 1717 2038 1763 insipiens?

1365 1821 1367 1837 Ι,
1415 1792 1538 1831 velim,
1586 1790 1668 1825 mihi
1711 1791 1957 1836 respondeas:
1998 1790 2116 1834 Quem
2155 1788 2244 1823 dicis

1411 1865 1563 1912 justum,
1612 1871 1649 1898 te
1696 1871 1759 1898 aut
1797 1864 2039 1909 prophetam?
2081 1862 2119 1897 Si
2155 1873 2244 1907 pro-

1415 1938 1580 1984 phetam,
1621 1936 1811 1977 assentior,
1844 1944 1966 1972 tamen
1992 1936 2025 1971 in
2053 1949 2115 1977 eo,
2144 1935 2245 1982 quod

1366 2051 1367 2054 Ἴ
1416 2011 1462 2046 illi
1509 2023 1567 2046 me
1613 2022 1685 2044 non
1733 2009 1986 2044 contradicere
2035 2009 2244 2050 ostendam,

1418 2092 1455 2120 te
1509 2083 1696 2119 mentitum
1752 2096 1835 2119 esse
1888 2083 1968 2130 jure
2020 2082 2245 2118 convincam.

1421 2156 1458 2192 Si
1493 2169 1581 2192 vero
1612 2164 1649 2192 te
1676 2156 1766 2192 dicis
1787 2157 1940 2203 justum,
1970 2169 2078 2203 quem
2102 2163 2247 2191 constat

1368 2226 1369 2267 f
1420 2230 1519 2276 prius
1545 2241 1629 2264 esse
1656 2228 1857 2269 mentitum,
1885 2229 2011 2264 nescio
2039 2242 2113 2275 quo
2136 2238 2247 2275 pacto

1423 2303 1606 2340 obtinebis
1660 2302 1849 2350 justitiam,
1907 2315 2017 2348 quern
2069 2301 2249 2337 mendacii

1422 2377 1550 2424 polluit
1584 2376 1734 2411 macula.
1769 2376 1900 2421 Neque
1926 2375 2019 2422 legis
2046 2383 2130 2410 tuae
2157 2387 2249 2410 con-

1423 2457 1595 2496 gruenter
1654 2449 1755 2483 simul
1806 2448 1944 2494 poteris
1997 2456 2161 2484 assertor
2212 2456 2249 2483 et

1422 2522 1674 2570 prevaricator
1708 2522 1876 2557 dicentis:
1904 2522 1939 2556 N
1950 2534 1972 2557 o
1983 2535 2005 2556 n
2032 2522 2075 2556 lo
2088 2534 2111 2568 q
2121 2534 2145 2556 u
2155 2534 2175 2556 e
2186 2521 2248 2556 ris

1422 2604 1590 2632 contra
1628 2595 1888 2641 proximum
1924 2602 2046 2630 tuum
2082 2595 2248 2630 falsum

1423 2669 1754 2704 testimonium.
1793 2668 1904 2712 Quod
1939 2667 1982 2709 si,
2011 2668 2061 2702 uti
2087 2668 2248 2714 premisi,

1422 2743 1626 2788 prophetae
1661 2754 1732 2776 non
1769 2741 2033 2782 contradicam,
2063 2754 2145 2776 cum
2171 2741 2250 2787 ipse

1374 2864 1375 2867 Ἴ
1423 2827 1490 2861 pro
1514 2828 1571 2850 me
1593 2814 1705 2855 dicat,
1731 2822 1767 2849 et
1792 2826 1888 2860 quae
1912 2822 1950 2848 tu
1970 2814 2034 2849 tibi
2049 2822 2178 2849 contra
2192 2827 2250 2849 me

1423 2888 1701 2933 comparaveris
1723 2899 1838 2929 arma,
1857 2887 1910 2922 his
1926 2887 1989 2922 tibi
2002 2887 2150 2922 laetalia
2164 2887 2253 2922 inssi-

1425 2972 1511 3006 gam
1533 2960 1697 3001 vulnera,
1723 2959 1895 3006 quoniam
1917 2959 2061 2995 intulisti
2083 2960 2250 3006 proximo

1423 3041 1486 3068 tuo
1509 3032 1638 3068 falsum
1656 3033 1903 3068 testimonium
1918 3041 2046 3068 contra
2060 3033 2152 3080 legis
2167 3045 2254 3079 pre-

1425 3113 1587 3152 ceptum,
1614 3106 1708 3153 legis
1733 3106 1915 3151 incurris4)
1938 3115 2088 3141 reatum.
2112 3108 2252 3141 Reatus

1466 3240 1487 3272 3)
1509 3241 1575 3267 Von
1598 3241 1750 3267 Dummler
1771 3242 1941 3268 verbessert
1964 3250 2016 3267 aus
2042 3243 2173 3267 naw‘tatc.

1466 3293 1486 3325 '⁴)
1509 3292 1560 3319 Bei
1586 3292 1738 3319 Dummler
1759 3293 1837 3319 steht
1859 3294 1994 3325 incurris,
2017 3293 2094 3319 nicht
2116 3295 2255 3319 incurres.
