2553 3926
1084 480 1318 504 1<21NLE1TUN‹;.
2030 491 2049 511 Υ
2056 491 2078 513 11

327 591 432 615 suum
455 579 670 614 morientem
693 579 810 614 scissa
831 578 1119 626 recognoverint
1134 580 1155 624 ¹)

327 660 365 689 et
414 660 538 688 tamen
584 652 704 687 adhuc
738 651 995 687 insensibilitas
1035 652 1157 688 cordis

327 725 458 768 vestri,
503 724 669 772 quamvis
712 725 818 767 elisa,
860 725 1026 771 quamvis
1065 738 1156 772 pro-

326 806 442 836 strata
474 799 508 834 in
543 798 681 834 duricia
706 798 934 834 inveteratae
961 798 1157 845 iniquitatis
1204 823 1205 831 κ

326 880 557 920 perseveret,
586 880 623 908 et
647 872 732 908 licet
758 884 826 918 per
851 879 1064 907 coeternam
1086 871 1157 907 Dei

327 945 559 992 sapientiam,
596 957 669 992 qua
699 945 856 980 mundus
882 951 920 980 et
945 944 1159 980 mirabiliter

327 1026 385 1055 est
418 1018 587 1054 conditus
622 1026 660 1054 et
691 1017 887 1053 mirabilius
922 1017 1156 1059 reformatus,

327 1093 555 1129 obstructum
582 1099 639 1128 est
665 1104 708 1127 os
729 1091 956 1138 loquentium
977 1091 1099 1138 iniqua
1122 1098 1159 1126 et

326 1165 496 1212 iniquitas
534 1173 660 1202 vestra
693 1165 845 1200 mentita
879 1164 924 1200 sit
958 1164 1040 1207 sibi,
1076 1172 1157 1200 toto

328 1239 454 1275 seculo
477 1238 676 1285 verbisque
697 1238 963 1286 prophetarum
979 1246 1016 1273 et
1031 1250 1159 1274 exem-

327 1312 395 1359 plis
417 1319 627 1348 sanctorum
649 1312 808 1354 eluceat,
833 1324 943 1358 quam
965 1311 1011 1347 sit
1024 1312 1158 1358 damp—

327 1393 415 1421 nata
448 1385 668 1421 infidelitatis
694 1393 844 1421 vestrae
871 1397 962 1421 ceca
989 1384 1158 1432 impietas

328 1466 366 1495 et
387 1471 497 1506 quam
519 1459 724 1506 glorificata
737 1465 950 1505 assumptae
965 1458 999 1493 in
1014 1457 1157 1494 Christo

328 1532 558 1568 mortalitatis
591 1532 790 1568 infirmitas:
817 1540 957 1574 tamen,
986 1530 1158 1577 quoniam

328 1606 450 1641 adhuc
471 1618 544 1641 non
567 1606 744 1652 desperat
766 1606 813 1640 de
827 1604 1157 1641 machinationibus

328 1678 401 1714 suis
423 1679 598 1725 Judaicae
625 1679 858 1726 malignitatis
882 1678 1069 1714 obstinata
1091 1678 1159 1713 im-

327 1752 494 1798 probitas
518 1760 555 1788 et
576 1753 626 1788 ad
648 1752 910 1788 confutandam
928 1752 1158 1788 christianam

327 1825 543 1872 religionem
577 1826 761 1862 scelerato
795 1825 891 1861 fastu
925 1826 1159 1862 inmurmurat

329 1906 366 1935 et
379 1911 446 1946 per
460 1900 631 1946 exempla
644 1907 789 1946 patrum
803 1900 977 1947 dictaque
993 1901 1161 1947 prophe-

327 1979 444 2008 tarum
479 1980 638 2008 stantem
671 1972 938 2020 florentemque
964 1973 1159 2009 ecclesiam

327 2045 409 2093 ipsa
449 2046 526 2093 jam
573 2047 714 2082 tociens
753 2046 902 2082 devicta
941 2054 979 2082 et
1013 2047 1159 2082 omnino

328 2098 516 2166 prdstrata
536 2119 666 2156 iterum
688 2121 737 2156 ad
755 2127 942 2156 certamen
961 2128 1158 2166 provocat,

329 2192 593 2240 aggrediamur
600 2192 623 2239 ²)
635 2206 701 2230 eos
712 2194 824 2229 dante
835 2201 872 2229 et
881 2194 1033 2241 juvante
1045 2195 1068 2237 ³)
1080 2194 1161 2240 ipsa

328 2266 401 2303 Dei
422 2266 602 2314 sapientia
624 2268 741 2303 verbo
764 2266 837 2302 Dei
858 2266 931 2302 Dei
952 2267 1023 2302 filio
1039 2279 1160 2314 eoque

328 2339 484 2387 ‚primum
509 2340 634 2387 lapide
659 2340 808 2387 lapidea
835 2340 951 2375 corda
973 2339 1158 2382 feriamus,

331 2426 440 2461 quem
455 2413 587 2450 Daniel
600 2414 795 2461 propheta,
809 2420 849 2448 ut
863 2413 1014 2456 dicitis⁴)
1024 2420 1159 2455 vester,

329 2486 440 2522 immo
455 2495 592 2528 noster,
606 2487 696 2522 vidit
708 2487 784 2523 sine
799 2486 966 2522 manibus
976 2486 1024 2521 de
1035 2493 1160 2521 monte

330 2559 474 2596 concidi
500 2568 538 2596 et
563 2560 716 2607 implere
741 2560 947 2596 universum
977 2560 1158 2595 mundum.

376 3161 394 3192 ¹)
422 3159 453 3186 In
483 3160 536 3186 der
563 3158 754 3186 Handschrist
781 3160 971 3192 recognovert
990 3156 1040 3183 mit
1062 3157 1158 3183 einern

331 3211 427 3238 Strich
449 3211 521 3238 siber
543 3211 610 3238 dem
633 3213 657 3244 t;
676 3210 763 3237 Pertz
781 3209 824 3236 las
842 3211 1079 3243 recognoverunt,
1095 3217 1158 3235 was
1206 3202 1207 3223 l

327 3263 434 3298 jedoch
466 3263 544 3290 nicht
575 3261 859 3290 zusammenstimmt
891 3260 942 3287 mit
972 3261 1039 3287 dem
1072 3260 1157 3287 nach·
1206 3255 1207 3278 ἶ

330 3316 487 3350 iolgenden
504 3317 668 3349 perseveret.

1253 592 1355 614 suum
1396 582 1612 618 morientem
1647 584 1762 619 scissa
1796 589 2081 631 recognoverint

1255 660 1292 687 et
1339 662 1458 690 tamen
1506 657 1624 691 adbuc
1668 657 1920 695 insensibilitas
1958 662 2079 697 cordis

1204 719 1206 774 ἶ
1255 726 1381 767 vestri,
1430 729 1595 773 quamvis
1642 730 1743 772 elisa,
1788 733 1953 778 quamvis
1992 747 2080 780 pro—

1256 806 1370 834 strata
1404 800 1437 834 in
1469 802 1598 837 duritia
1628 802 1854 840 inveteratae
1886 806 2079 853 iniquitatis

1255 882 1485 918 perseveret,
1514 883 1550 909 et
1576 875 1658 910 licet
1685 890 1751 922 per
1778 887 1988 915 coeternam
2012 882 2082 917 Dei

1257 945 1487 991 sapientiam,
1524 960 1596 994 qua
1630 951 1784 985 mundus
1811 960 1848 986 et
1873 953 2082 990 mirabiliter

1258 1025 1313 1052 est
1348 1019 1517 1054 conditus
1552 1030 1589 1056 et
1623 1022 1816 1058 mirabilius
1847 1025 2079 1070 reformatus,

1257 1092 1485 1127 obstructum
1513 1102 1569 1128 est
1590 1107 1632 1129 os
1655 1095 1879 1141 loquentium
1903 1099 2023 1146 iniqua
2046 1111 2081 1136 et

1206 1198 1207 1203 ,
1256 1163 1422 1210 iniquitas
1463 1175 1584 1201 vestra
1622 1169 1771 1204 mentita
1806 1170 1850 1205 sit
1884 1172 1964 1213 sibi,
2001 1183 2080 1210 toto

1256 1238 1382 1273 seculo
1405 1239 1600 1286 verbisque
1622 1242 1883 1287 prophetarum
1903 1253 1939 1280 et
1953 1259 2080 1282 exem-

1256 1310 1323 1356 plis
1333 1320 1543 1347 sanctorum
1555 1314 1711 1353 eluceat;
1723 1318 1886 1361 quamvis
1897 1319 1940 1353 sit
1951 1320 2082 1366 damp-

1256 1392 1342 1419 nata
1376 1384 1594 1421 infidelitatis
1630 1395 1775 1423 vestrae
1801 1402 1890 1425 ceca
1916 1391 2081 1438 impietas

1257 1465 1293 1492 et
1316 1471 1424 1504 quam
1447 1460 1651 1505 glorificata
1665 1471 1876 1509 assumptae
1891 1464 1922 1498 in
1939 1465 2081 1501 Christo

1257 1531 1484 1568 mortalitatis
1512 1533 1704 1569 infirmitas.
1731 1536 1886 1577 Tamen,
1910 1539 2081 1584 quoniam

1256 1605 1376 1640 adhuc
1399 1618 1470 1641 non
1493 1607 1669 1654 desperat
1690 1609 1737 1643 de
1757 1610 2082 1647 machinationibus

1255 1678 1329 1714 suis
1351 1679 1525 1725 Judaicae
1552 1681 1784 1728 malignitatis
1811 1684 1993 1720 obstinata
2016 1685 2083 1720 im-

1255 1752 1420 1797 probitas
1443 1762 1479 1789 et
1501 1755 1549 1789 ad
1571 1755 1831 1791 confutandam
1854 1758 2083 1794 christianam

1255 1825 1470 1872 religionem
1505 1829 1686 1864 scelerato
1721 1829 1815 1864 fastu
1850 1830 2083 1867 inmurmurat

1257 1906 1294 1933 et
1312 1911 1379 1945 per
1392 1902 1562 1947 exempla
1576 1909 1719 1948 patrum
1734 1902 1906 1950 dictaque
1920 1906 2083 1951 prophe-

1256 1980 1372 2008 tarum
1406 1982 1564 2010 stantem
1599 1974 1862 2023 florentemque
1889 1979 2081 2014 ecclesiam

1257 2045 1337 2092 ipsa
1379 2047 1455 2094 jam
1502 2048 1636 2083 totiens
1675 2049 1822 2085 devicta
1861 2059 1897 2086 et
1935 2052 2081 2087 omnino

1257 2127 1443 2165 prostrata
1466 2120 1594 2156 iterum
1615 2123 1663 2157 ad
1686 2131 1873 2159 certamen
1886 2135 2081 2170 provocat,

1258 2193 1521 2240 aggrediamur
1547 2207 1613 2230 eos
1640 2196 1750 2231 dante
1777 2204 1813 2231 et
1831 2197 1981 2243 juvante
2004 2199 2083 2245 ipsa

1257 2266 1329 2302 Dei
1350 2267 1530 2313 sapientia
1551 2270 1668 2303 verbo
1692 2270 1762 2305 Dei
1784 2271 1855 2306 Dei
1877 2271 1946 2307 filio
1961 2285 2082 2319 eoque

1257 2339 1409 2386 primum
1436 2341 1559 2387 lapide
1584 2342 1731 2389 lapidea
1758 2345 1873 2379 corda
1899 2345 2081 2383 feriamus.

1258 2426 1367 2460 quem
1385 2414 1541 2450 Danihel
1554 2417 1750 2462 propheta,
1767 2426 1804 2452 ut
1819 2418 1935 2452 dicitis
1949 2428 2081 2461 vester,

1258 2487 1368 2522 immo
1383 2496 1518 2529 noster,
1533 2488 1620 2523 vidit
1633 2489 1709 2524 sine
1724 2490 1888 2525 manibus
1903 2492 1949 2526 de
1960 2501 2084 2527 monte

1259 2561 1401 2596 concidi
1432 2569 1468 2596 et
1494 2561 1644 2608 implere
1670 2562 1875 2598 universum
1903 2566 2082 2599 mundum.

1258 2634 1321 2669 Ait
1336 2634 1442 2669 enirn:
1463 2634 1770 2681 Aspiciebam
1794 2636 1829 2670 in
1853 2637 1955 2671 visu
1978 2650 2084 2673 noc-

1260 2708 1320 2742 tis
1357 2715 1402 2743 et
1437 2720 1550 2743 ecce
1585 2708 1625 2742 in
1653 2709 1856 2744 nubibus
1883 2711 2003 2745 caeli
2032 2711 2082 2745 fi—

1259 2781 1350 2816 lius
1376 2782 1574 2817 hominis
1602 2782 1732 2817 venit
1758 2790 1802 2817 et
1829 2782 1983 2818 datum
2011 2793 2081 2819 est

1259 2854 1298 2889 ei
1322 2867 1513 2901 regnum
1534 2863 1577 2890 et
1595 2856 1744 2890 honor
1762 2864 1805 2891 et
1825 2868 1982 2891 omnes
2002 2870 2080 2903 po—

1258 2928 1354 2974 puli
1389 2928 1542 2963 tribus
1578 2935 1622 2963 et
1648 2928 1841 2974 linguae
1869 2930 2080 2965 servient

1258 3014 1278 3036 e
1289 3000 1306 3035 i.
1328 3001 1425 3045 Quid
1439 3013 1531 3036 nunc
1546 3001 1687 3037 infelix?
1704 3003 1800 3037 Ecce
1815 3003 1903 3037 tilius
1919 3003 2078 3038 hominis.

1298 3154 1319 3187 2)
1340 3154 1369 3180 In
1392 3155 1444 3181 der
1466 3153 1654 3181 Handschrilt
1677 3154 1877 3188 agrediuntur.

1297 3207 1317 3238 ⁴⁵)
1336 3206 1481 3233 Dederich
1501 3206 1659 3232 verandert
1671 3206 1769 3232 dieses
1782 3206 1867 3232 &Vort
1879 3206 1905 3231 in
1918 3206 2079 3238 ‹nq‘J'uz'annx

1299 3260 1316 3290 ⁵)
1344 3258 1374 3284 In
1406 3258 1459 3284 der
1490 3257 1678 3284 Handschrist
1713 3257 1748 3284 ist
1778 3257 1874 3284 dieses
1906 3257 1991 3282 &Vort
2019 3265 2080 3282 ver-

1204 3339 1207 3347 *
1255 3311 1369 3337 bessert
1390 3318 1443 3336 aus
1464 3309 1572 3335 dirutis.
