2553 3926
492 518 526 540 Vl
1252 515 1484 540 ElNLEITUNG.

1026 615 1314 650 Maledictus

493 689 641 729 homo,
679 687 755 734 qui
791 687 997 723 confidit
1023 687 1106 733 in¹)
1132 687 1314 723 homine

493 769 537 797 et
559 761 691 807 ponit
713 760 932 806 carnem2)
951 761 1167 796 brachium
1187 773 1315 799 suum;

494 834 582 869 erit
601 833 718 868 enim
738 833 1315 880 quasimiriceindeserto

494 914 538 942 et
584 919 670 942 non
718 906 905 941 videbit
952 906 1170 948 fructum,
1219 919 1316 941 cum

493 980 660 1016 venerit
698 981 860 1015 bonum.
900 979 997 1024 Quid
1031 986 1161 1014 contra
1194 979 1316 1021 hiscis,

494 1054 646 1089 animal?
685 1054 806 1098 Quem
845 1053 952 1088 filium
984 1052 1139 1087 hominis
1176 1059 1321 1099 preter-

494 1126 610 1161 misit?
637 1127 733 1161 Num
758 1126 906 1161 Petrum
933 1132 970 1160 et
986 1126 1186 1171 Johannem
1208 1132 1319 1172 atque

494 1199 701 1247 Martynum
753 1206 789 1234 et
840 1198 931 1233 alios
982 1199 1176 1240 demones,
1225 1210 1320 1244 quos

495 1280 642 1308 sanctos
697 1271 864 1307 vocatis?
919 1272 954 1306 ln
1010 1271 1178 1306 omnibus
1229 1270 1318 1306 locis

493 1345 627 1392 legitur
664 1346 767 1380 Deus
805 1345 915 1380 Israel
950 1351 986 1379 et
1019 1357 1091 1379 non
1125 1351 1181 1379 est
1216 1344 1318 1379 Deus

496 1418 666 1464 gentium.
701 1417 774 1453 Ubi
806 1424 862 1452 est
896 1425 1020 1453 vester
1046 1419 1194 1453 sensus?
1222 1417 1320 1452 Dicit

496 1491 636 1526 David:
668 1491 842 1526 Memor
868 1491 960 1526 erit
987 1488 1250 1535 Dominus³)
1278 1490 1319 1524 in

497 1563 707 1598 seculum
746 1563 1015 1599 testamenti
1050 1563 1133 1605 sui,
1171 1563 1317 1604 verbi,

498 1637 623 1682 quod
669 1636 897 1671 mandavit
936 1636 976 1670 in
1015 1636 1139 1671 mille
1179 1648 1321 1682 gene-

498 1710 726 1751 rationes,

499 1783 750 1824 Abraham,

498 1856 660 1890 Ysaac.
700 1856 783 1890 Hoc
821 1863 877 1891 est
915 1856 971 1891 lex
1012 1867 1079 1890 sua
1118 1862 1246 1890 sancta
1285 1861 1322 1889 et

787 1709 911 1755 quod
970 1708 1206 1755 disposuit
1266 1709 1320 1743 ad

800 1790 836 1817 et
871 1782 1117 1829 juramenti
1156 1781 1226 1817 sui
1265 1782 1320 1816 ad

501 1927 739 1969 circumcisio,
780 1941 887 1974 quam
922 1928 1023 1964 dedit
1057 1927 1179 1974 Moysi
1212 1940 1321 1963 servo

571 2001 588 2014 55

502 2013 569 2036 SUO
591 2029 597 2035 .

552 2145 606 2190 (Π,
637 2146 693 2191 24)
709 2147 742 2192 2>-

552 2220 795 2265 Respondere
818 2220 1044 2267 calumpniae
1059 2228 1159 2262 tuae,
1177 2220 1324 2266 oJudee

503 2291 703 2333 incredule,
740 2305 847 2338 quam
883 2306 929 2328 ex
959 2294 1176 2340 blasphemo
1200 2306 1264 2329 ore
1291 2293 1324 2328 in

505 2364 684 2399 Christum
711 2364 861 2411 ejusque
888 2373 1036 2401 sanctos
1062 2379 1156 2401 nunc
1183 2366 1326 2401 noviter

506 2437 712 2479 evomuisti,
749 2437 879 2484 cuique
914 2438 945 2472 in
985 2438 1107 2473 militia
1133 2438 1327 2474 christiana

504 2510 679 2545 instructo
699 2510 804 2546 facile
819 2519 931 2552 esset,
948 2511 977 2546 si
990 2524 1061 2546 non
1076 2511 1212 2546 facilius
1228 2518 1327 2547 esset

506 2595 595 2617 saxa
622 2584 655 2617 in
681 2584 863 2618 mollitiem
890 2597 1001 2630 posse
1028 2584 1193 2619 converti
1219 2597 1327 2631 quam

505 2657 619 2691 corda
645 2664 767 2692 vestra
792 2658 840 2692 ad
866 2657 1113 2703 recipiendam
1136 2657 1329 2693 veritatem

507 2729 667 2764 discindi.
703 2730 848 2776 Quippe
883 2742 965 2764 cum
992 2737 1028 2765 et
1055 2730 1112 2764 illa
1139 2737 1329 2766 auctorem

551 2865 569 2897 ¹)
601 2865 632 2891 In
665 2865 718 2890 der
750 2865 937 2891 Handschrist
969 2865 1038 2899 folgt
1071 2865 1135 2892 hier
1167 2866 1220 2892 der
1241 2866 1330 2892 Buch-

507 2917 590 2943 stabe
612 2917 644 2949 d;
669 2917 764 2943 dieser
784 2917 820 2942 ist
837 2917 942 2950 jedoch
962 2918 1051 2943 durch
1072 2917 1156 2944 einen
1174 2917 1270 2944 Punkt
1288 2918 1331 2944 als

508 2968 626 3002 ungiltig
649 2969 808 3002 angezeigt.

549 3019 570 3053 ²)
608 3020 679 3046 Hier
711 3020 780 3054 folgt
810 3020 837 3046 in
866 3021 918 3047 der
946 3021 1135 3047 Handschrift
1164 3022 1218 3048 das
1245 3022 1333 3048 Wort

507 3081 605 3106 suum,
647 3073 700 3098 das
729 3072 834 3105 jedoeh
867 3073 956 3098 durch
990 3073 1256 3108 Unterstreiehung
1290 3075 1333 3100 als

508 3124 625 3158 ungiltig
651 3124 803 3158 angezeigt
823 3124 867 3150 ist.

547 3177 568 3209 2‘)
591 3176 698 3202 Dieses
716 3185 784 3202 vom
803 3176 1001 3203 Abschreiber
1019 3178 1230 3212 ausgelassene
1248 3177 1335 3204 Wort

510 3228 546 3254 ist
567 3237 614 3254 am
638 3228 743 3255 Raude
765 3229 989 3262 nachgetragen.

551 3280 570 3312 ³)
592 3280 677 3306 Pertz
700 3280 758 3313 fugt
780 3281 842 3307 hier
863 3282 905 3306 als
928 3271 1110 3308 Uberschrift
1127 3282 1186 3308 ein:
1204 3281 1338 3308 Heinrici

511 3333 626 3359 ehz'slola
649 3333 689 3357 ad
715 3332 894 3366 Illi-elimam,
914 3334 1006 3360 worin
1026 3334 1170 3361 Dederich
1186 3334 1244 3360 ihm
1258 3334 1336 3368 folgt.

1412 614 1598 650 Hieremia
1637 615 1707 650 hoc
1746 613 1912 661 protulit:
1948 611 2238 648 Maledictus

1412 687 1562 728 homo,
1613 686 1688 732 qui
1728 686 1935 721 considit
1974 685 2015 720 in
2054 683 2238 719 homine

1414 767 1459 793 et
1493 759 1628 805 ponit
1656 771 1841 794 carnem
1868 758 2086 794 brachium
2113 769 2238 792 suum.

1413 832 1512 867 Erit
1536 832 1652 867 enim
1675 832 1809 879 quasi
1833 832 1989 879 myrice
2008 831 2045 865 in
2065 831 2238 866 deserto

1415 913 1459 940 et
1510 918 1597 940 non
1644 905 1832 940 videbit
1879 904 2096 945 fructum,
2141 915 2238 938 cum

1415 978 1601 1014 venerit
1636 979 1814 1013 bonum.
1853 977 1951 1023 Quid
1986 975 2237 1017 contrahiscis‚

1415 1050 1566 1086 animal?
1603 1051 1721 1096 Quem
1760 1051 1868 1086 filium
1906 1049 2058 1086 hominis
2096 1056 2241 1095 preter-

1415 1124 1529 1159 misit?
1558 1125 1653 1159 Num
1680 1125 1829 1159 Petrum
1851 1131 1888 1159 et
1905 1124 2105 1170 Johannem
2129 1129 2240 1168 atque

1415 1196 1607 1232 Martinum
1659 1205 1695 1232 et
1746 1197 1835 1232 alios
1880 1197 2099 1237 daemones,
2147 1206 2241 1241 quos

1415 1278 1565 1306 sanctos
1620 1270 1785 1306 vocatis?
1841 1270 1878 1305 In
1934 1269 2101 1304 omnibus
2151 1267 2240 1303 locis

1414 1344 1548 1390 legitur
1606 1344 1711 1378 Deus
1765 1343 1875 1378 lsrael
1926 1350 1963 1377 et
2014 1354 2088 1377 non
2138 1342 2242 1376 Deus

1415 1416 1587 1463 gentium.
1621 1416 1694 1451 Ubi
1729 1423 1785 1451 est
1818 1422 1943 1451 vester
1968 1416 2118 1450 sensus?
2146 1413 2242 1448 Dicit

1416 1489 1556 1525 David:
1596 1490 1770 1525 Memor
1809 1488 1899 1524 erit
1938 1487 2166 1523 Dominus
2201 1486 2242 1520 in

1418 1563 1625 1598 seculum
1664 1561 1947 1598 testamenti
1986 1560 2056 1595 sui
2090 1559 2241 1600 verbi,

1419 1636 1541 1683 quod
1580 1635 1821 1671 mandavit
1861 1634 1902 1669 in
1941 1633 2066 1669 mille
2101 1644 2244 1679 gene-

1418 1709 1648 1749 rationes,
1709 1708 1834 1755 quod
1889 1706 2135 1753 disposuit
2186 1706 2241 1740 ab

1420 1782 1670 1824 Abraham,
1711 1789 1755 1817 et
1789 1779 2044 1828 juramenti
2084 1779 2153 1813 sui
2188 1779 2244 1814 ad

1419 1856 1563 1891 Isaac.
1610 1855 1694 1889 Hoc
1734 1862 1791 1890 est
1832 1854 1888 1889 lex
1933 1865 2000 1888 sua
2039 1860 2169 1888 sancta
2208 1858 2246 1887 et

1419 1928 1659 1969 circumcisio,
1699 1939 1808 1974 quam
1847 1926 1949 1962 dedit
1982 1925 2103 1973 Moysi
2137 1937 2245 1960 servo

1490 2001 1507 2015 5)

1421 2013 1487 2036 SUO
1511 2030 1516 2035 .

1471 2147 1628 2182 Heinrici
1656 2146 1820 2193 epistola.

1470 2220 1714 2266 Respondere
1729 2219 1956 2266 calumpniae
1970 2227 2068 2261 tuae,
2081 2220 2248 2266 oJudaee

1422 2294 1621 2334 incredule,
1658 2306 1767 2339 quam
1802 2306 1847 2329 ex
1881 2293 2097 2340 blasphemo
2125 2305 2189 2328 ore
2216 2291 2249 2326 in

1423 2367 1603 2404 Christum
1634 2367 1785 2413 ejusque
1813 2375 1962 2402 sanctos
1990 2379 2082 2402 nunc
2109 2367 2252 2402 noviter

1423 2440 1631 2481 evomuisti,
1668 2440 1799 2486 cuique
1834 2440 1867 2474 in
1901 2440 2025 2475 militia
2059 2439 2252 2475 christiana

1424 2513 1598 2548 instructo
1621 2512 1725 2548 facile
1741 2520 1855 2554 esset,
1871 2512 1899 2548 si
1914 2526 1985 2548 non
2000 2513 2138 2548 facilius
2152 2519 2253 2548 esset

1425 2598 1515 2621 saxa
1537 2585 1570 2620 in
1593 2585 1777 2621 mollitiem
1792 2584 1815 2631 ⁵)
1838 2598 1951 2632 posse
1966 2586 2129 2622 converti
2143 2598 2251 2632 quarn

1425 2659 1540 2694 corda
1566 2667 1689 2694 vestra
1715 2659 1764 2694 ad
1790 2658 2038 2705 recipiendam
2059 2659 2253 2694 veritatem

1426 2731 1587 2767 discindi.
1623 2731 1770 2778 Quippe
1807 2744 1887 2767 cum
1919 2740 1955 2767 et
1980 2731 2038 2766 illa
2064 2739 2254 2767 auctorem

1467 2867 1489 2900 ⁵)
1510 2867 1576 2893 Von
1599 2867 1750 2894 Diimmler
1776 2867 1946 2894 verbessert
1967 2875 2020 2894 aus
2042 2867 2187 2893 molitiem.
