2553 3926
1082 475 1303 499 EINLEITUNG
1310 493 1315 499 .
2047 480 2067 502 V

322 575 565 612 veracissimis
575 587 705 611 sacrae
714 575 915 622 scripturae
923 573 1151 615 testimoniis,

321 658 362 685 ut
387 649 466 697 ejus
492 648 650 695 epistola
676 648 842 688 affirmat,
867 647 960 682 falsa
982 648 1096 683 verba
1118 647 1151 681 in

322 723 503 759 Christum
525 722 678 769 ejusque
693 730 842 756 sanctos
857 721 994 756 dixisse
1008 720 1151 757 devicit.

370 797 418 831 Et
456 795 541 843 quia
578 796 672 830 haec
710 795 942 841 longiusculo
981 806 1151 830 sermone

321 877 512 916 protracta
546 877 643 910 sunt,
678 868 713 903 in
747 867 817 903 fine
843 868 945 903 istius
972 867 1080 902 libelli
1106 881 1151 903 ea
1201 911 1202 914 Ἴ

323 954 465 989 ponere
492 943 603 978 decre
609 941 733 977 vimus.

373 1063 424 1108 (Π,
455 1063 522 1109 22).
550 1064 610 1098 De
638 1063 772 1099 clerico
795 1063 913 1110 Judeo
941 1063 1050 1099 sacto.

372 1137 549 1184 Superius
571 1149 630 1172 me
648 1137 799 1183 promisi
820 1137 1016 1172 relaturum
1032 1137 1079 1171 de
1093 1136 1152 1171 illo
1202 1185 1203 1188 Ἴ

322 1217 511 1257 apostata,
535 1210 596 1257 qui
617 1210 745 1246 relicta
766 1210 944 1257 religione
959 1210 1153 1246 clericatus

322 1284 359 1321 in
439 1284 663 1330 perfidorum
743 1283 959 1330 voraginem
1030 1283 1154 1318 incidit

317 1357 525 1404 Judeorum.
553 1357 619 1393 Set
643 1357 678 1392 in
705 1357 787 1404 ipsa
815 1357 1059 1405 promissione
1086 1369 1154 1392 ex-

322 1431 504 1466 solvenda
525 1439 626 1467 totus
641 1439 898 1467 contremesco
912 1430 934 1477 ¹)
949 1439 986 1466 et
1000 1431 1154 1466 horren-

1246 575 1486 609 veracissimis
1510 588 1638 611 sacrae
1654 577 1832 623 scripture
1847 577 2071 619 testimoniis,

1246 655 1285 680 ut
1312 647 1389 693 ejus
1417 648 1573 694 epistola
1600 649 1766 691 affirmat,
1790 650 1881 685 falsa
1901 652 2017 686 verba
2038 651 2071 686 in

1249 718 1428 755 Christum
1452 721 1602 767 ejusque
1618 732 1765 758 sanctos
1780 723 1915 759 dixisse
1929 724 2072 760 devicit.

1300 1133 1332 1167 V
1335 1145 1435 1168 erum
1482 1133 1617 1170 referre
1664 1148 1756 1171 nunc
1805 1137 1889 1172 volo
1929 1138 1974 1173 de
2013 1139 2072 1173 illo

1251 1214 1438 1252 apostata,
1467 1207 1527 1253 qui
1548 1208 1672 1244 relicta
1694 1209 1868 1256 religione
1883 1211 2074 1247 clericatus

1249 1279 1283 1314 in
1305 1279 1329 1325 3)
1380 1280 1601 1326 perfidorum
1649 1282 1865 1329 voraginem
1885 1284 1908 1322 ³)
1954 1284 2075 1319 incidit

322 1505 421 1540 tibus
466 1504 546 1551 pilis
592 1504 721 1552 capitis
769 1512 910 1540 terrore
953 1504 1152 1547 concutior,
1202 1503 1203 1515 ¹

323 1577 510 1613 diabolum
543 1578 711 1625 potuisse
743 1578 879 1614 homini
911 1579 1152 1625 persuadere,

322 1659 362 1685 ut
407 1659 528 1687 tantas
567 1652 697 1688 sordes
737 1664 849 1687 ausus
888 1661 987 1688 esset
1025 1660 1154 1688 contra

323 1723 504 1760 Christum
559 1734 596 1761 et
651 1734 801 1761 sanctos
853 1725 932 1773 ejus
977 1726 1154 1772 jactasse.

324 1796 532 1844 Scripserat
567 1798 661 1834 enim
694 1798 845 1834 funestis
879 1798 1005 1834 litteris
1039 1798 1154 1834 infeli·
1204 1796 1205 1803 ¹

323 1870 488 1907 cissimus
512 1871 587 1907 ille:

373 1991 427 2037 (Π,
457 1994 523 2039 23).
552 1993 698 2041 Scripta
723 1995 836 2042 ipsius
862 2003 1071 2042 apostatae.

373 2066 495 2112 „Quid
537 2067 758 2104 contradicis
797 2068 913 2115 justo,
958 2067 1154 2115 insipiens?
1202 2073 1204 2119 J

323 2141 430 2187 Lege
455 2141 612 2177 Abacuc
634 2142 872 2188 prophetam,
895 2141 930 2177 in
953 2154 1026 2189 quo
1048 2142 1154 2176 Deus
1202 2121 1204 2187 i

324 2213 430 2249 dixit:
466 2215 565 2261 Ego
601 2227 696 2250 sum
722 2216 852 2251 Deus
880 2222 924 2250 et
950 2228 1038 2250 non
1065 2227 1154 2249 mu-
1203 2241 1205 2253 .

325 2295 408 2323 tor.
433 2287 472 2323 Si
493 2287 551 2323 ille
573 2289 776 2324 secundum
797 2297 958 2324 vestram
977 2288 1156 2323 maledic-

325 2368 401 2396 tam
422 2361 533 2396 fidem
555 2369 756 2397 mutaretur
777 2370 814 2397 et
831 2361 969 2397 mulieri
983 2361 1157 2397 commis-

327 2441 482 2476 ceretur,
496 2434 710 2481 principium
718 2435 918 2470 verborum
927 2447 1076 2470 suorum
1085 2447 1158 2469 non
1206 2442 1207 2453 ¹

328 2515 429 2543 esset
448 2507 593 2544 veritas.
611 2508 714 2543 Dixit
725 2508 905 2544 Dominus
920 2509 969 2543 ad
983 2508 1156 2555 Moysen:

327 2581 429 2616 Non
464 2581 582 2616 enim
616 2581 805 2617 videbit
839 2594 906 2617 me
940 2581 1076 2616 homo
1113 2589 1158 2616 et

327 2653 492 2690 vivere
522 2662 696 2702 potest.
724 2654 845 2700 Quem
871 2654 979 2690 filium
1005 2654 1158 2689 hominis

327 2727 569 2775 pretermisit?
590 2727 691 2764 Dicit
712 2728 807 2764 enim
820 2727 945 2763 David
958 2728 1157 2774 propheta:

327 2801 492 2837 Nolite
518 2801 770 2838 confidere
793 2801 834 2836 in
858 2800 1157 2848 principibus,

329 2874 371 2910 in
414 2874 527 2911 filiis
565 2875 799 2910 hominurn
825 2875 864 2919 2),
904 2874 946 2908 in
986 2873 1158 2920 quibus

329 2961 418 2983 non
445 2956 514 2984 est
540 2949 678 2984 salus.
710 2948 757 2983 Et
787 2947 974 2982 Ezechiel:

373 3103 392 3134 ¹)
414 3102 561 3129 Dederich
589 3102 749 3128 verandert
775 3101 872 3127 dieses
893 3099 982 3126 YVort
1003 3099 1031 3125 in
1053 3102 1159 3125 contre·

332 3156 432 3181 misco.

373 3205 393 3238 ²)
424 3206 456 3233 In
485 3207 538 3233 der
569 3205 760 3233 Handschrift
781 3204 817 3231 ist
838 3203 936 3230 dieses
957 3202 1045 3229 XVort
1066 3202 1159 3236 gleich

333 3259 388 3284 den
402 3259 638 3292 nachfolgenden
650 3257 812 3284 stmfdureh
826 3255 873 3282 die
883 3255 1002 3281 blossen
1014 3253 1159 3288 Ansangs-

332 3310 513 3337 buchstaben
534 3310 721 3344 angedeutet.

1246 1353 1477 1399 judaeorum.
1517 1355 1594 1390 Sed
1628 1355 1661 1390 in
1695 1356 1775 1402 ipsa
1805 1356 1981 1392 relatione
2008 1371 2075 1392 ex-

1251 1426 1431 1462 solvenda
1455 1436 1556 1463 totus
1586 1437 1840 1465 contremesco
1868 1438 1905 1465 et
1925 1431 2076 1466 horren-

1250 1500 1348 1536 tibus
1398 1501 1476 1547 pilis
1523 1502 1652 1548 capitis
1691 1510 1830 1538 terrore
1877 1503 2074 1545 concutior,

1251 1574 1439 1609 diabolum
1472 1576 1638 1621 potuisse
1673 1575 1803 1611 homini
1835 1578 2074 1622 persuadere.

1252 1656 1291 1681 ut
1335 1655 1456 1683 tantas
1495 1649 1626 1684 sordes
1664 1662 1774 1685 ausus
1812 1659 1913 1686 esset
1950 1661 2077 1686 contra

1253 1719 1432 1756 Christum
1492 1730 1529 1757 et
1578 1731 1727 1757 sanctos
1779 1723 1856 1770 ejus
1902 1724 2076 1770 jactasse.

1254 1793 1459 1840 Scripserat
1494 1795 1588 1830 enim
1622 1795 1772 1831 funestis
1810 1796 1933 1832 litteris
1963 1796 2079 1832 infeli-

1253 1867 1419 1902 cissimus
1444 1867 1501 1903 ille
1513 1881 1518 1902 :

1301 2062 1425 2107 „Quid
1473 2064 1692 2099 contradicis
1730 2065 1845 2111 justo,
1885 2065 2077 2112 insipiens?

1252 2137 1357 2182 Lege
1383 2137 1539 2172 Abacuc
1565 2138 1800 2183 prophetam,
1823 2138 1857 2173 in
1879 2151 1952 2185 quo
1974 2140 2078 2174 Deus

1253 2209 1358 2244 dixit:
1392 2210 1491 2255 Ego
1527 2222 1621 2245 sum
1652 2210 1778 2245 Deus
1806 2219 1851 2246 et
1877 2224 1963 2247 non
1990 2225 2078 2247 mu—

1254 2290 1334 2317 tor.
1359 2282 1396 2317 Si
1418 2282 1475 2318 ille
1496 2284 1698 2318 secundum
1720 2294 1882 2320 vestram
1904 2285 2079 2321 maledic-

1204 2353 1205 2362 *
1254 2364 1328 2390 tam
1350 2355 1460 2391 tidem
1482 2364 1681 2391 mutaretur
1703 2365 1740 2392 et
1758 2358 1894 2394 mulieri
1908 2358 2080 2394 commis-

1254 2437 1408 2470 ceretur,
1420 2430 1633 2476 principium
1645 2432 1840 2466 verborum
1851 2444 1998 2466 suorum
2008 2444 2078 2467 non

1255 2511 1355 2539 esset
1387 2503 1531 2539 veritas.
1566 2503 1667 2538 Dixit
1700 2504 1804 2539 Deus
1831 2505 1879 2539 ad
1906 2504 2078 2551 Moysen:

1255 2577 1356 2612 Non
1391 2576 1506 2612 enim
1543 2577 1731 2611 v1debit
1766 2590 1832 2612 me
1866 2578 1998 2612 homo
2034 2586 2079 2613 et

1255 2650 1419 2685 vivere
1454 2658 1625 2696 potest.
1657 2650 1777 2694 Quem
1803 2650 1909 2685 filium
1928 2651 2079 2685 hominis

1255 2723 1497 2770 pretermisit?
1520 2722 1617 2758 Dicit
1635 2722 1728 2757 enim
1743 2723 1866 2757 David
1881 2724 2078 2770 propheta:

1255 2797 1418 2832 Nolite
1456 2795 1704 2832 confidere
1731 2795 1772 2830 in
1799 2796 2076 2842 principibus,

1255 2870 1297 2904 in
1349 2869 1466 2905 filiis
1517 2868 1762 2910 hominum,
1815 2868 1855 2903 in
1907 2869 2076 2915 quibus

1255 2956 1343 2978 non
1378 2951 1449 2978 est
1484 2942 1620 2977 salus.
1653 2941 1700 2976 Et
1735 2941 1915 2979 Ezechiel.
1944 2942 2003 2988 qui
2030 2943 2077 2977 ab

1295 3096 1316 3128 ⁵)
1339 3096 1405 3122 Von
1428 3095 1579 3121 Dummler
1599 3095 1768 3121 verbessert
1789 3103 1842 3120 aus
1864 3096 1911 3119 [m.

1299 3151 1316 3173 't
1338 3147 1404 3173 Von
1425 3146 1575 3173 Dummler
1597 3146 1766 3173 verbessert
1787 3154 1839 3173 aus
1862 3148 2056 3180 voragioncm.
