2553 3926
1024 474 1258 499 EINLEITUNG.
1978 479 2017 501 lx

265 584 389 612 autem
435 576 555 611 trahet
596 583 634 611 te
673 576 721 610 ad
760 587 931 621 paenam,
972 586 1093 620 paena

263 662 353 685 vero
375 650 556 692 perducet
578 655 614 683 te
636 660 754 695 usque
777 648 826 682 ad
845 654 1010 682 mortem.
1026 646 1093 682 Set

263 723 455 758 videamus
507 721 709 768 sequentia.
752 720 877 756 Infelix
920 720 1034 767 judee
1053 719 1091 764 Γ);

263 795 385 840 Quem
418 807 534 830 vocas
567 793 818 840 insipientem?
854 793 950 828 Num
967 792 989 837 2>
1024 804 1092 827 nos

264 869 460 905 credentes
510 868 545 903 in
596 867 823 908 crucifixum,
872 866 931 913 qui
974 865 1092 900 factus

264 941 412 988 quidem
451 948 509 977 est
541 940 649 976 vobis
682 940 774 986 lapis
809 939 1020 975 offensionis
1055 946 1094 974 et

263 1022 371 1062 petra
387 1013 412 1061 ⁸)
471 1013 656 1050 scandali?
708 1013 891 1058 Quoniam
942 1012 1092 1059 quidem

264 1088 486 1135 lapidem,
531 1100 665 1134 quem
702 1087 1092 1134 reprobaverunt

265 1161 576 1203 edificantes,
612 1160 684 1196 hic
720 1160 879 1196 factus
910 1167 983 1196 est
1009 1159 1051 1194 in
1067 1158 1092 1204 Δ)

264 1242 408 1281 caput
433 1233 605 1281 anguli.
632 1233 668 1269 A
693 1233 894 1269 Domino
921 1233 1092 1269 factum

264 1314 339 1344 est
385 1308 514 1344 istud
553 1315 598 1343 et
637 1314 708 1343 est
747 1305 1012 1350 mirabilefi)
1051 1306 1093 1341 in

264 1380 418 1418 oculis
445 1380 633 1417 nostris.
660 1381 762 1427 Ergo
789 1391 859 1415 nos
881 1379 1094 1426 insipientes

263 1462 301 1491 et
350 1467 418 1490 vos
470 1454 660 1501 sapientes
698 1453 808 1489 estis?
847 1454 989 1489 Tamen
1027 1466 1095 1500 per

264 1527 458 1564 stulticiam
525 1527 790 1574 predicationis
843 1527 919 1574 jam
970 1527 1093 1562 mundi

269 1600 446 1648 superbia
460 1601 484 1647 εἰ)
507 1601 640 1637 cecidit
663 1608 700 1637 et
716 1601 750 1636 in
768 1601 947 1637 frontibus
962 1613 1092 1647 regum

263 1674 381 1711 crucis
413 1674 547 1710 videtis
580 1675 776 1722 tropheum
795 1673 828 1720 τ).
864 1674 961 1720 Quia
995 1686 1092 1721 quae

262 1749 373 1784 stulta
419 1747 542 1783 mundi
589 1755 686 1790 sunt,

265 1820 464 1857 confundat
497 1820 616 1856 fortia.
650 1821 708 1857 Ac
742 1833 811 1868 per
840 1822 910 1857 hoc
935 1821 1092 1856 libenter

264 1894 516 1942 amplectimur
552 1894 745 1930 stulticiam
787 1895 904 1930 crucis
944 1894 1089 1937 Christi,

260 1968 434 2015 quoniam
467 1968 650 2004 credimus
675 1981 744 2004 nos
770 1975 1016 2015 perventuros
1042 1969 1091 2003 ad
1139 2004 1141 2015 Ι

260 2041 416 2089 gloriam
451 2041 592 2077 Christi.
627 2040 694 2077 Set
729 2041 816 2088 quid
843 2042 956 2077 surdo
983 2054 1090 2077 narro

260 2115 443 2150 fabulam?
471 2115 548 2150 Aut
570 2114 657 2161 quid
676 2127 767 2151 ceco
782 2127 933 2162 appono
947 2115 1090 2150 lumen?

260 2188 330 2224 Vel
346 2188 465 2235 Judeo
489 2187 721 2235 evangelium
743 2188 919 2235 predico?
938 2189 1092 2224 Redea-

261 2274 341 2298 mus
399 2262 449 2297 ad
507 2261 710 2308 sequentia.
769 2262 907 2309 Inquis:

262 2335 459 2371 Abacuc
494 2336 793 2382 prophetam,
830 2348 903 2371 non
938 2335 972 2370 in
1000 2348 1090 2382 quo,

262 2416 302 2444 ut
338 2416 378 2444 tu
412 2408 517 2450 dicis,
553 2415 611 2444 set
644 2421 712 2455 per
745 2421 856 2455 quem
881 2409 962 2456 ipse
989 2410 1092 2445 Deus

263 2481 365 2518 dicit:
391 2482 491 2529 Ego
519 2494 607 2517 sum
633 2483 750 2518 Deus
777 2489 818 2517 et
843 2495 925 2518 non
946 2491 1092 2519 mutor.

262 2555 414 2591 Premisi
439 2555 520 2597 tibi,
544 2555 678 2602 Judee,
702 2555 914 2592 testimonio
936 2556 1092 2592 Abacuc

262 2629 466 2664 nullatenus
488 2641 547 2664 me
568 2629 824 2665 contradicere
839 2636 876 2665 et
889 2642 962 2665 non
975 2630 1093 2665 solum

263 2702 436 2744 Abacuc,
475 2709 532 2738 set
571 2709 608 2737 et
641 2702 801 2738 omniurn
826 2703 1093 2750 prophetarum
1140 2751 1142 2756 ,

304 2893 325 2925 ¹)
346 2892 377 2919 In
399 2893 452 2919 der
473 2891 667 2919 Handschrift
688 2892 860 2919 verbessert
883 2901 937 2919 aus
949 2892 1051 2927 judex.

306 2943 326 2978 2)
355 2944 440 2971 Pertz
467 2945 532 2971 liest
561 2953 634 2977 non;
664 2944 692 2971 in
721 2945 775 2971 der
803 2944 995 2971 Handschrist
1016 2945 1094 2972 steht

265 2996 327 3023 hier
348 2996 394 3023 ein
417 2996 450 3022 N
467 2996 517 3023 mit
539 2996 637 3023 einem
659 2996 753 3024 Strich
777 2998 913 3024 dariiber.

305 3048 326 3081 3)
359 3048 390 3075 In
419 3049 472 3075 der
500 3048 692 3075 Handschrist
720 3050 797 3076 steht
827 3049 889 3076 hier
914 3051 1000 3083 petri,
1030 3058 1094 3076 was

261 3100 369 3135 jedoch
391 3101 483 3127 sehon
506 3100 591 3127 Pertz
616 3102 785 3128 verbessert
807 3102 866 3128 hat.

306 3154 326 3186 ⁴)
349 3153 415 3179 Von
434 3153 545 3179 diesem
565 3153 671 3180 Worte
689 3154 747 3180 und
767 3162 826 3180 von
845 3154 902 3180 den
921 3153 995 3180 zwei
1009 3153 1095 3180 nach-

962 2263 1092 2309 Lege
1140 2311 1141 2314 Ἴ

735 1747 848 1795 elegit
894 1748 1013 1790 Deus,
1053 1755 1092 1782 ut
1139 1767 1141 1800 ᾗ

1191 583 1314 610 autem
1362 577 1479 611 trahet
1518 584 1554 612 te
1594 577 1641 611 ad
1679 589 1855 623 poenam,
1897 588 2020 622 poena

1191 660 1280 683 vero
1302 649 1481 694 perducet
1503 656 1539 684 te
1567 662 1682 695 usque
1698 650 1745 684 ad
1760 658 1927 684 mortem.
1943 650 2018 684 Sed

1694 722 1816 757 Infelix

1191 720 1381 755 videamus
1437 722 1637 767 sequentia.
1863 723 2017 768 judaee,

1192 806 1301 839 quem
1348 806 1462 829 vocas
1510 794 1761 840 insipientem?
1809 796 1903 829 Num
1952 807 2019 829 nos

1190 866 1386 901 credentes
1436 866 1469 901 in
1521 867 1744 910 crucifixum,
1801 868 1860 915 qui
1904 868 2020 903 factus

1192 939 1341 986 quidem
1377 947 1433 974 est
1469 940 1574 975 vobis
1611 941 1702 987 lapis
1739 941 1950 977 offensionis
1984 950 2021 977 et

1190 1018 1298 1057 petra
1373 1013 1555 1048 scandali?
1627 1014 1809 1058 Quoniam
1873 1014 2020 1060 quidem

1190 1085 1414 1132 lapidem,
1460 1099 1593 1133 quem
1632 1089 2021 1134 reprobaverunt

1192 1159 1534 1201 aedificantes,
1571 1160 1643 1196 hic
1679 1161 1836 1196 factus
1873 1169 1945 1195 est
1980 1160 2019 1195 in

1192 1240 1336 1279 caput
1363 1232 1534 1279 anguli.
1561 1233 1596 1268 A
1624 1234 1823 1269 Domino
1848 1233 2020 1269 sactum

1193 1313 1265 1341 est
1324 1305 1451 1341 istud
1515 1314 1559 1342 et
1619 1315 1683 1342 est
1739 1307 1931 1342 mirabile
1982 1306 2020 1341 in

1193 1379 1328 1414 oculis
1362 1381 1549 1417 nostris.
1585 1381 1689 1426 Ergo
1716 1392 1784 1415 nos
1811 1379 2020 1426 insipientes

1191 1460 1229 1488 et
1275 1465 1344 1488 vos
1390 1454 1579 1500 sapientes
1628 1453 1724 1489 estis.
1772 1453 1912 1488 Tamen
1955 1464 2023 1498 per

1192 1526 1378 1562 stultitiam
1439 1527 1700 1574 predicationis
1760 1527 1836 1574 jam
1899 1525 2021 1560 mundi

1191 1601 1365 1646 superbia
1399 1601 1532 1637 cecidit
1563 1608 1600 1636 et
1625 1601 1659 1636 in
1686 1600 1864 1636 frontibus
1891 1611 2021 1645 regum

1190 1674 1306 1710 crucis
1352 1674 1483 1710 videtis
1530 1674 1733 1721 tropheum.
1782 1673 1877 1718 Quia
1926 1684 2021 1719 quae

1191 1747 1301 1783 stulta
1346 1748 1469 1783 mundi
1516 1755 1613 1790 sunt,
1663 1747 1776 1794 elegit
1822 1747 1942 1788 Deus,
1983 1754 2022 1780 ut

1190 1819 1391 1856 confundat
1427 1821 1542 1856 fortia.
1581 1821 1639 1857 Ac
1671 1833 1738 1867 per
1770 1821 1842 1856 hoc
1867 1820 2024 1855 libenter

1190 1894 1443 1940 amplectimur
1487 1895 1676 1930 stultitiam
1719 1893 1835 1929 crucis
1875 1891 2020 1933 Christi,

1190 1967 1250 2014 qui
1289 1967 1544 2013 credidimus³>
1582 1980 1650 2003 nos
1690 1974 1933 2014 perventuros
1973 1966 2021 2000 ad

1190 2041 1346 2088 gloriam
1381 2040 1520 2077 Christi.
1555 2040 1633 2076 Sed
1661 2040 1747 2087 quid
1774 2040 1885 2075 surdo
1914 2051 2020 2074 narro

1189 2113 1372 2149 fabulam?
1396 2114 1473 2149 Aut
1496 2114 1583 2161 quid
1605 2127 1698 2150 ceco
1721 2126 1871 2160 appono
1886 2113 2020 2153 lumen,

1190 2188 1249 2223 vel
1266 2187 1410 2233 Judaeo
1433 2187 1667 2234 evangelium
1685 2186 1855 2234 predico?
1872 2186 2023 2222 Redea-

1331 2261 1380 2296 ad

1191 2334 1386 2369 Abacuc
1408 2334 1707 2380 prophetam,
1748 2345 1821 2368 non
1860 2332 1892 2367 in
1929 2344 2018 2378 quo,

1191 2274 1271 2296 mus
1439 2260 1639 2307 sequentia.
1699 2259 1836 2306 Inquis:
1892 2259 1921 2293 L
1933 2271 1953 2294 e
1964 2271 1990 2305 g
2002 2271 2021 2293 e

1190 2416 1230 2443 ut
1263 2415 1301 2443 tu
1336 2407 1441 2449 dicis,
1476 2408 1544 2443 sed
1578 2419 1645 2453 per
1675 2419 1784 2453 quem
1811 2405 1891 2452 ipse
1918 2406 2021 2440 Deus

1191 2481 1293 2518 dicit:
1318 2482 1417 2528 Ego
1441 2494 1536 2517 sum
1555 2481 1682 2516 Deus
1703 2487 1747 2515 et
1765 2492 1855 2514 non
1874 2486 2020 2513 mutor.

1140 2558 1141 2567 ¹
1190 2554 1366 2590 Praemisi
1380 2554 1458 2596 tibi,
1469 2554 1625 2601 Judaee,
1641 2552 1851 2588 testimonio
1867 2552 2021 2587 Abacuc

1191 2628 1395 2663 nullatenus
1414 2641 1472 2663 me
1492 2626 1747 2663 contradicere
1766 2634 1802 2660 et
1817 2637 1888 2660 non
1904 2624 2021 2659 solum

1191 2701 1362 2742 Abacuc,
1400 2700 1467 2736 sed
1502 2708 1539 2735 et
1574 2699 1732 2734 omnium
1759 2698 2022 2745 prophetarum

1192 2892 1349 2926 folgenden
1376 2891 1426 2918 hat
1447 2891 1493 2917 die
1515 2889 1705 2917 Handschrift
1726 2898 1782 2916 nur
1805 2889 1851 2916 die
1875 2890 2023 2924 Ansangs-

1192 2944 1384 2970 buohstaben.

1233 2996 1254 3029 ⁴³)
1281 2996 1311 3022 ln
1341 2996 1393 3021 der
1421 2993 1612 3021 Handschrift
1634 2994 1670 3020 ist
1694 2993 1827 3027 supcrbm
1852 2994 2023 3020 verbessert

1193 3056 1245 3074 aus
1266 3048 1415 3081 sapit-ulta.

1232 3100 1254 3133 ⁷)
1275 3100 1340 3125 Von
1364 3099 1510 3125 Dederich
1531 3100 1677 3133 geandert
1698 3098 1724 3125 in
1747 3101 1903 3132 troporum.

1233 3152 1254 3181 3)
1277 3151 1316 3178 So
1339 3152 1427 3177 lautet
1450 3152 1502 3177 der
1524 3150 1599 3177 Text
1621 3150 1666 3177 bei
1686 3150 1847 3182 Dnmmler,
1869 3150 1927 3175 und
1947 3149 2024 3175 nicht

266 3205 423 3240 folgenden
451 3206 501 3232 hat
526 3205 573 3232 die
594 3205 784 3233 Handschrist
806 3214 861 3232 nur
881 3205 928 3232 die
950 3205 1096 3239 Ansangs.
1143 3207 1144 3234 i
1195 3205 1334 3239 quoniam
1358 3203 1511 3229 rrcdsmns.

266 3259 458 3285 buohstaben.

306 3309 328 3341 ⁵¹
350 3310 435 3337 Auch
455 3319 513 3336 von
532 3310 643 3337 diesem
663 3310 769 3337 ‘Worte
785 3310 844 3336 und
863 3310 920 3336 den
937 3308 998 3336 drei
1010 3309 1096 3336 nach-
