2553 3926
564 511 591 533 X
1325 502 1559 526 EINLEITUNG.

565 616 602 644 et
624 608 717 654 legis
736 608 757 653 l)
774 608 997 642 documenta
1011 618 1070 640 me
1085 604 1168 639 dico
1184 602 1386 648 suscipere,
1437 600 1438 619 ³

565 682 649 728 quia
687 694 770 717 eum
812 680 912 720 colo,
949 678 1007 725 qui
1042 690 1112 712 non
1143 676 1241 711 venit
1265 676 1389 721 legem

563 755 724 791 solvere,
752 760 809 789 set
836 752 1046 798 adimplere.
1072 749 1174 785 Dixit
1199 750 1302 784 Deus
1324 760 1390 794 per

563 827 736 862 Abacuc:
780 826 879 872 Ego
920 837 1013 860 sum
1052 824 1180 858 Deus
1219 829 1264 857 et
1301 832 1390 855 non

564 907 712 940 mutor,
742 906 779 934 et
804 899 874 934 hoc
897 897 1045 933 firmiter
1067 895 1183 932 credit
1197 894 1391 930 christiana

563 972 701 1019 religio.
741 972 854 1017 Quod
892 983 982 1006 vero
1011 970 1230 1005 subsecutus
1257 980 1314 1003 es:
1343 966 1389 1001 Si
1438 1012 1439 1017 1

563 1046 639 1081 1116
691 1045 942 1081 secundum
994 1050 1201 1078 vestram
1251 1041 1390 1075 male-

564 1119 739 1154 dictam
774 1117 916 1152 fidem
943 1122 1205 1151 mutaretur
1232 1122 1276 1149 et
1302 1126 1390 1148 mu-

563 1192 670 1228 lieri
705 1190 1107 1230 commisceretur,
1140 1186 1389 1234 principium

877 1274 1062 1298 suorum
1120 1273 1207 1295 non
1260 1266 1390 1295 esset

565 1267 818 1302 verborum

563 1337 763 1377 veritas;
799 1336 887 1383 quid
917 1335 1043 1370 mirum
1070 1341 1141 1375 est,
1171 1346 1252 1369 cum
1279 1344 1389 1368 cecus

564 1411 627 1453 sis,
651 1411 680 1447 si
703 1423 776 1445 non
798 1409 902 1444 vides
923 1409 1042 1443 lucem
1064 1407 1173 1448 illam,
1194 1418 1304 1452 quam
1317 1417 1389 1440 non

563 1485 704 1526 vident,
728 1482 792 1518 nisi
811 1482 871 1529 qui
885 1482 1022 1517 mundo
1039 1487 1120 1516 sunt
1134 1480 1264 1519 corde;
1280 1478 1389 1513 immo

563 1570 645 1593 cum
673 1556 781 1592 etiam
808 1569 909 1591 more
936 1554 1099 1590 frenetici
1121 1561 1250 1589 contra
1271 1551 1390 1588 medi-

563 1643 646 1666 cum
673 1630 811 1665 resilias
839 1638 875 1664 et
902 1640 1031 1664 sanare
1055 1635 1090 1662 te
1112 1626 1250 1662 volenti
1273 1626 1389 1660 male-

563 1703 660 1739 dicta
685 1710 722 1738 et
744 1702 909 1738 convicia
926 1702 949 1747 ²)
973 1701 1159 1747 obponas?
1183 1699 1275 1734 Tam
1294 1698 1387 1734 enim

564 1776 712 1812 excelsa
729 1776 753 1820 3¹>
777 1783 814 1810 et
834 1774 1015 1821 profunda
1034 1780 1116 1808 sunt
1132 1771 1387 1807 incarnationis

564 1849 693 1885 Christi
707 1848 867 1883 misteria
883 1847 924 1893 4),
945 1846 1133 1893 quomodo
1148 1846 1300 1880 verbum
1315 1843 1387 1879 Dei

561 1920 904 1957 incommutabiliter
946 1920 1045 1966 apud
1084 1919 1206 1953 Deum
1244 1925 1386 1964 patrem

563 2007 709 2041 semper
755 2006 920 2034 manens,
968 2005 1118 2028 carnem
1160 1992 1207 2026 de
1246 1990 1386 2037 virgine

562 2067 712 2114 sumpsit
737 2074 977 2112 naturamque
1003 2073 1165 2100 nostram
1192 2076 1280 2099 suae
1308 2063 1388 2098 uni-

562 2142 626 2183 vit,
668 2141 768 2188 quod
806 2152 915 2174 nemo
955 2139 1047 2174 haec
1083 2137 1194 2184 capit,
1231 2137 1296 2172 nisi
1327 2137 1387 2183 qui

1006 2224 1114 2246 nemo
1162 2210 1272 2257 sapit,
1321 2209 1387 2244 nisi

562 2213 794 2261 spiritualiter
849 2212 958 2258 sapit,

561 2289 647 2323 Deo
698 2288 858 2322 donante
909 2286 1045 2332 capiat,
1097 2298 1170 2331 quo
1221 2285 1385 2319 donante

561 2361 691 2402 credit,
727 2360 787 2406 qui
818 2360 979 2395 nondum
1006 2358 1112 2405 capit.
1139 2358 1240 2393 Nisi
1267 2358 1384 2393 enirn

561 2432 887 2473 credideritis,
924 2431 1036 2478 inquit
1070 2432 1268 2478 propheta,
1296 2443 1384 2465 non

560 2507 601 2541 in
612 2515 625 2541 t
636 2507 728 2541 elle
739 2518 765 2552 g
775 2518 795 2541 e
806 2505 875 2540 tis.
903 2506 1003 2551 Ergo
1027 2504 1191 2540 credenti
1206 2503 1386 2550 colligitur

559 2579 739 2620 meritum,
787 2578 922 2613 videnti
969 2578 1144 2612 reddetur
1190 2577 1381 2623 premium,

559 2652 731 2700 quoniam
790 2652 818 2687 si
878 2651 997 2693 vides,
1051 2664 1123 2686 non
1175 2658 1231 2686 est
1282 2650 1382 2686 fides.

560 2726 743 2771 Quamdiu
769 2725 862 2761 6111111
874 2724 896 2769 ⁵)
923 2724 1203 2771 peregrinamur
1224 2724 1257 2758 in
1279 2723 1383 2770 hujus

558 2799 680 2834 mundi
714 2798 890 2839 tenebris,
926 2798 997 2832 fide
1024 2797 1242 2832 mundantur
1269 2797 1383 2831 corda

559 2885 699 2913 eorum,
728 2872 788 2918 qui
815 2872 936 2906 Deum
960 2870 1071 2905 visuri
1094 2878 1183 2905 sunt.

607 2947 688 2980 Hac
714 2945 837 2991 itaque
864 2945 950 2985 fide,
974 2951 1042 2979 etc.

600 3117 619 3147 ¹)
641 3115 672 3141 In
695 3116 747 3142 der
768 3115 958 3142 Handschrift
979 3115 1015 3141 ist
1036 3116 1090 3141 das
1112 3116 1123 3140 i
1143 3114 1240 3140 dieses
1261 3113 1383 3140 &Vortes

558 3168 727 3194 verbessert
748 3175 800 3193 aus
821 3170 839 3193 t.

599 3218 619 3252 2)
641 3219 671 3245 111
695 3221 747 3245 der
768 3219 957 3245 Handschrist
977 3219 1054 3245 steht
1076 3218 1139 3245 hier
1160 3219 1307 3245 cmuvitm.

598 3271 618 3304 3)
641 3271 671 3297 111
694 3272 745 3297 der
767 3270 957 3297 Handschrift
979 3270 1015 3297 ist
1037 3271 1090 3297 das
1113 3280 1127 3297 c
1148 3270 1244 3297 dieses
1263 3270 1384 3297 Wortes
1432 3282 1433 3294 1

558 3324 728 3351 verbessert
749 3331 801 3349 aus
824 3332 848 3349 0.

1486 610 1522 637 et
1547 601 1641 647 legis
1669 602 1892 636 documenta
1919 611 1977 633 me
2004 598 2088 633 dico
2111 597 2312 644 suscipere,

1437 686 1438 691 ¹
1486 673 1571 721 quia
1606 686 1689 709 eum
1725 673 1824 714 6010,
1858 672 1917 719 qui
1943 684 2015 706 non
2042 670 2140 706 venit
2166 671 2313 706 solvere

1485 746 1610 791 legem
1625 745 1664 788 6),
1689 745 1757 779 sed
1779 744 1991 791 adimplere.
2013 744 2116 780 Dixit
2128 745 2233 780 Deus
2247 757 2314 791 per

1487 819 1657 853 Abacuc:
1698 818 1798 864 Ego
1843 830 1937 853 sum
1977 819 2104 853 Deus
2145 826 2190 853 et
2224 831 2313 854 non

1486 904 1521 926 m
1531 904 1554 926 u
1565 899 1578 926 t
1589 904 1610 926 o
1622 904 1646 925 r.
1670 892 1716 926 Et
1737 892 1808 926 hoc
1830 890 1978 926 firmiter
1992 891 2107 926 credit
2121 891 2313 927 christiana

1486 964 1625 1010 religio.
1662 964 1775 1009 Quod
1809 976 1898 999 vero
1934 966 2153 1000 subsecutus
2189 978 2245 1000 es:
2275 965 2313 1001 Si

1487 1037 1567 1073 ille
1615 1038 1870 1072 secundum
1917 1045 2127 1073 vestram
2173 1039 2313 1074 male-

1487 1110 1662 1146 dictam
1697 1110 1838 1145 fidem
1865 1119 2128 1147 mutaretur
2154 1120 2199 1147 et
2224 1124 2313 1146 mu-

1486 1184 1592 1219 lieri
1624 1184 2028 1226 commisceretur,
2059 1185 2313 1232 principium

1487 1259 1738 1293 verborum
1795 1270 1982 1293 suorum
2038 1271 2125 1293 non
2182 1266 2313 1293 esset

1487 1331 1679 1366 veritas.
1708 1331 1806 1376 Quid
1828 1331 1954 1367 mirum
1979 1340 2049 1374 est,
2073 1345 2155 1368 curn
2178 1344 2312 1367 caecus

1487 1404 1551 1445 sis,
1577 1404 1605 1439 si
1627 1417 1699 1439 non
1723 1404 1828 1440 vides
1850 1405 1968 1441 lucem
1990 1405 2101 1447 illam,
2117 1418 2226 1453 quam
2240 1418 2313 1441 non

1486 1478 1626 1520 vident,
1647 1478 1711 1513 nisi
1726 1478 1786 1525 qui
1800 1479 1936 1513 mundo
1952 1485 2034 1514 sunt
2048 1478 2184 1513 corde?
2199 1478 2312 1512 Immo

1487 1563 1569 1586 cum
1628 1564 1730 1586 more
1790 1551 1952 1587 frenetici
2012 1558 2139 1586 contra
2194 1550 2313 1585 medi-

1486 1637 1569 1660 cum
1595 1625 1734 1660 resilias
1760 1633 1796 1660 et
1823 1637 1953 1660 sanare
1980 1632 2016 1659 te
2039 1623 2177 1659 volenti
2198 1624 2314 1658 male-

1485 1698 1584 1733 dicta
1618 1706 1655 1733 et
1685 1697 1851 1736 convicia
1879 1699 2071 1744 opponas?
2097 1697 2189 1732 Tam
2216 1696 2309 1732 enim

1485 1772 1632 1807 excelsa
1665 1779 1703 1807 et
1735 1771 1918 1817 profunda
1944 1778 2027 1806 sunt
2052 1770 2310 1805 incarnationis

1484 1845 1615 1881 Christi
1639 1844 1813 1886 misteria,
1843 1844 2032 1890 quomodo
2058 1844 2212 1879 verbum
2239 1843 2309 1878 Dei

1482 1918 1824 1954 incommutabiliter
1867 1918 1967 1964 apud
2005 1918 2126 1952 Deum
2165 1924 2310 1963 patrem

1484 1979 1630 2037 semper
1676 2003 1841 2032 manens,
1890 2003 2036 2026 carnem
2083 1990 2130 2024 de
2168 1988 2309 2036 virgine

1484 2064 1637 2111 sumpsit
1663 2072 1905 2111 naturamque
1931 2071 2095 2099 nostram
2118 2075 2207 2098 suae
2233 2063 2310 2097 uni-

1484 2137 1534 2172 vit
1546 2166 1553 2179 ‚
1591 2139 1692 2184 quod
1725 2151 1834 2173 nemo
1870 2138 1963 2173 haec
1998 2137 2111 2184 capit,
2147 2137 2212 2172 nisi
2248 2136 2307 2183 qui

1484 2210 1715 2256 spiritualiter
1760 2210 1870 2257 sapit,
1922 2223 2031 2246 nemo
2082 2210 2192 2257 sapit,
2244 2209 2310 2244 nisi

1483 2285 1568 2319 Deo
1623 2285 1784 2320 donante
1834 2284 1971 2331 capiat,
2022 2296 2095 2330 quo
2146 2284 2308 2318 donante

1483 2358 1614 2399 credit,
1651 2358 1710 2404 qui
1738 2359 1900 2393 nondum
1928 2357 2035 2404 capit.
2062 2357 2115 2392 Ni
2126 2357 2163 2392 51
2189 2370 2209 2392 6
2221 2370 2240 2392 11
2252 2357 2306 2392 im

1483 2430 1810 2472 credideritis,
1851 2431 1964 2477 inquit
1998 2431 2191 2477 propheta,
2219 2443 2306 2465 non

1481 2504 1522 2538 in
1533 2512 1546 2539 t
1557 2505 1647 2539 elle
1658 2517 1684 2550 g
1695 2517 1715 2539 e
1727 2504 1794 2539 tis.
1818 2505 1919 2551 Ergo
1941 2503 2105 2539 credenti
2126 2502 2308 2549 colligitur

1710 2577 1847 2613 videnti
1893 2577 2069 2613 reddetur
2113 2576 2306 2623 premium,

2206 2650 2306 2685 fides.

1481 2723 1651 2767 Quandiu
1691 2723 1785 2758 enim
1823 2723 2100 2770 peregrinamur
2137 2722 2171 2757 in
2206 2722 2308 2769 hujus

1481 2577 1658 2619 meritum,

1481 2650 1653 2696 quoniam
1717 2650 1745 2685 si
1803 2651 1921 2692 vides,
1973 2663 2045 2685 non
2096 2657 2152 2685 est

1479 2795 1601 2831 mundi
1636 2797 1812 2837 tenebris,
1850 2796 1921 2831 fide
1948 2796 2167 2831 mundantur
2192 2796 2307 2831 corda

1481 2881 1622 2911 eorum,
1651 2869 1711 2915 qui
1738 2870 1859 2904 Deum
1886 2870 1995 2905 visuri
2021 2878 2111 2906 sunt.

1522 3113 1542 3146 v’)
1564 3113 1629 3140 Von
1651 3113 1798 3141 Dederich
1818 3115 1961 3148 geandert
1982 3114 2010 3140 in
2032 3115 2175 3147 mysteria.

1520 3164 1541 3198 5)
1564 3164 1669 3192 Ι)16565
1688 3165 1774 3192 VVort
1792 3166 1827 3192 ist
1845 3166 1873 3192 111
1892 3166 1944 3192 der
1962 3165 2153 3192 Handschrift
2170 3165 2242 3192 iiber
2253 3166 2306 3191 der

1480 3216 1559 3243 Zeile
1580 3217 1774 3252 hinzugesugt.

1522 3267 1541 3299 Β)
1564 3269 1594 3296 In
1616 3269 1713 3296 dieser
1735 3269 1902 3303 Wortfolge
1924 3269 1970 3295 bei
1991 3268 2150 3295 Dummler.
